@misc{NIH,
  author = {Asad Mansoor; Navid Mahabadi.},
  title = {Volume of Distribution},
  year = {2025},
  note = {Last accessed 14 May 2025},
  url = {https://www.ncbi.nlm.nih.gov/books/NBK545280/}
}